@book{jones:2013, 
    place={Boston}, 
    title={Organizational theory, design, and change}, 
    publisher={Pearson}, 
    author={Jones, Gareth}, 
    year={2013}
}

@misc{eksamensopgave,
    title={Eksamensopgave SI2-OL juni 2019},
    author={Poul Erik Vesterl√∏kke},
    month={7},
    year={2019}
}